% @book{pacejka2005tire,
%   title={Tire and vehicle dynamics},
%   author={Pacejka, Hans},
%   year={2005},
%   publisher={Elsevier}
% }